<collection xmlns="http://www.loc.gov/MARC21/slim">
   <record>
      <leader>02930cam a2200481 i 4500</leader>
      <controlfield tag="001">6815540</controlfield>
      <controlfield tag="003">OCoLC</controlfield>
      <controlfield tag="005">20150217141254.0</controlfield>
      <controlfield tag="008">140911t20152014nyuacf   b    001 0ceng  </controlfield>
      <datafield ind1=" " ind2=" " tag="010">
         <subfield code="a">  2014036345</subfield>
      </datafield>
      <datafield ind1=" " ind2=" " tag="020">
         <subfield code="a">9781250010629 (hardcover)</subfield>
      </datafield>
      <datafield ind1=" " ind2=" " tag="020">
         <subfield code="a">1250010624 (hardcover)</subfield>
      </datafield>
      <datafield ind1=" " ind2=" " tag="020">
         <subfield code="z">9781250021335 (e-book)</subfield>
      </datafield>
      <datafield ind1=" " ind2=" " tag="035">
         <subfield code="a">ocn878023937</subfield>
      </datafield>
      <datafield ind1=" " ind2=" " tag="040">
         <subfield code="a">DLC</subfield>
         <subfield code="e">rda</subfield>
         <subfield code="b">eng</subfield>
         <subfield code="c">DLC</subfield>
         <subfield code="d">IG#</subfield>
         <subfield code="d">YDXCP</subfield>
         <subfield code="d">BTCTA</subfield>
         <subfield code="d">BDX</subfield>
         <subfield code="e">rda</subfield>
         <subfield code="d">IH7</subfield>
         <subfield code="d">ABG</subfield>
         <subfield code="d">OCLCF</subfield>
         <subfield code="d">VP@</subfield>
         <subfield code="d">CDX</subfield>
         <subfield code="d">UAB</subfield>
         <subfield code="d">AEU</subfield>
      </datafield>
      <datafield ind1=" " ind2=" " tag="043">
         <subfield code="a">n-us---</subfield>
      </datafield>
      <datafield ind1="0" ind2="0" tag="050">
         <subfield code="a">ML421.G72</subfield>
         <subfield code="b">R53 2015</subfield>
      </datafield>
      <datafield ind1="0" ind2="0" tag="082">
         <subfield code="a">782.42166092/2</subfield>
         <subfield code="a">B</subfield>
         <subfield code="2">23</subfield>
      </datafield>
      <datafield ind1=" " ind2=" " tag="084">
         <subfield code="a">BIO004000</subfield>
         <subfield code="a">MUS035000</subfield>
         <subfield code="2">bisacsh</subfield>
      </datafield>
      <datafield ind1=" " ind2=" " tag="090">
         <subfield code="a">ML 421 G72 R53 2015</subfield>
         <subfield code="b">AEU</subfield>
      </datafield>
      <datafield ind1="1" ind2=" " tag="100">
         <subfield code="a">Richardson, Peter,</subfield>
         <subfield code="d">1959-</subfield>
         <subfield code="e">author.</subfield>
         <subfield code="0">http://id.loc.gov/authorities/names/n97052803</subfield>
         <subfield code="0">http://viaf.org/viaf/48511395</subfield>
      </datafield>
      <datafield ind1="1" ind2="0" tag="245">
         <subfield code="a">No simple highway :</subfield>
         <subfield code="b">a cultural history of the Grateful Dead /</subfield>
         <subfield code="c">Peter Richardson.</subfield>
      </datafield>
      <datafield ind1="3" ind2="0" tag="246">
         <subfield code="a">Cultural history of the Grateful Dead</subfield>
      </datafield>
      <datafield ind1=" " ind2=" " tag="250">
         <subfield code="a">First edition.</subfield>
      </datafield>
      <datafield ind1=" " ind2="1" tag="264">
         <subfield code="a">New York, NY :</subfield>
         <subfield code="b">St. Martin's Press,</subfield>
         <subfield code="c">2015.</subfield>
      </datafield>
      <datafield ind1=" " ind2="4" tag="264">
         <subfield code="c">©2014</subfield>
      </datafield>
      <datafield ind1=" " ind2=" " tag="300">
         <subfield code="a">373 pages, 16 unnumbered pages of plates :</subfield>
         <subfield code="b">illustrations, portraits ;</subfield>
         <subfield code="c">25 cm</subfield>
      </datafield>
      <datafield ind1=" " ind2=" " tag="336">
         <subfield code="a">text</subfield>
         <subfield code="b">txt</subfield>
         <subfield code="2">rdacontent</subfield>
         <subfield code="0">http://id.loc.gov/vocabulary/contentTypes/txt</subfield>
      </datafield>
      <datafield ind1=" " ind2=" " tag="337">
         <subfield code="a">unmediated</subfield>
         <subfield code="b">n</subfield>
         <subfield code="2">rdamedia</subfield>
         <subfield code="0">http://id.loc.gov/vocabulary/mediaTypes/n</subfield>
      </datafield>
      <datafield ind1=" " ind2=" " tag="338">
         <subfield code="a">volume</subfield>
         <subfield code="b">nc</subfield>
         <subfield code="2">rdacarrier</subfield>
         <subfield code="0">http://id.loc.gov/vocabulary/carriers/nc</subfield>
      </datafield>
      <datafield ind1=" " ind2=" " tag="504">
         <subfield code="a">Includes bibliographical references (pages [317]-353) and index.</subfield>
      </datafield>
      <datafield ind1="0" ind2=" " tag="505">
         <subfield code="a">Ecstasy -- Mobility -- Community.</subfield>
      </datafield>
      <datafield ind1=" " ind2=" " tag="520">
         <subfield code="a">"For almost three decades, the Grateful Dead was America's most popular touring band. [This is] the first book to ask the simple question of why--and attempt to answer it. Drawing on new research, interviews, and a fresh supply of material from the Grateful Dead archives, author Peter Richardson ... recounts the Dead's colorful history, adding new insight into everything from the acid tests to the band's formation of their own record label to their massive late career success, while probing the riddle of the Dead's vast and durable appeal"--</subfield>
         <subfield code="c">Provided by publisher.</subfield>
      </datafield>
      <datafield ind1=" " ind2=" " tag="596">
         <subfield code="a">16 43</subfield>
      </datafield>
      <datafield ind1="2" ind2="0" tag="610">
         <subfield code="a">Grateful Dead (Musical group)</subfield>
         <subfield code="0">http://id.loc.gov/authorities/names/n82217191</subfield>
      </datafield>
      <datafield ind1=" " ind2="0" tag="650">
         <subfield code="a">Rock musicians</subfield>
         <subfield code="z">United States</subfield>
         <subfield code="v">Biography.</subfield>
         <subfield code="0">http://id.loc.gov/authorities/subjects/sh2008110396</subfield>
      </datafield>
      <datafield ind1=" " ind2="0" tag="650">
         <subfield code="a">Rock music</subfield>
         <subfield code="x">Social aspects.</subfield>
         <subfield code="0">http://id.loc.gov/authorities/subjects/sh2010111378</subfield>
      </datafield>
      <datafield ind1=" " ind2=" " tag="758">
         <subfield code="0">http://worldcat.org/entity/work/id/434030</subfield>
      </datafield>
      <datafield ind1="0" ind2=" " tag="787">
         <subfield code="n">OCLC Work Id</subfield>
         <subfield code="o">http://worldcat.org/entity/work/id/434030</subfield>
      </datafield>
      <datafield ind1="4" ind2="2" tag="856">
         <subfield code="3">Cover image</subfield>
         <subfield code="u">http://www.netread.com/jcusers2/bk1388/629/9781250010629/image/lgcover.9781250010629.jpg</subfield>
      </datafield>
      <datafield ind1=" " ind2=" " tag="949">
         <subfield code="a">ML 421 G72 R53 2015</subfield>
         <subfield code="h">UAAU-B</subfield>
         <subfield code="i">0162035245347</subfield>
      </datafield>
      <datafield ind1=" " ind2=" " tag="926">
         <subfield code="a">ML 421 G72 R53 2015</subfield>
         <subfield code="w">LC</subfield>
         <subfield code="c">1</subfield>
         <subfield code="i">0162035245347</subfield>
         <subfield code="d">9/17/2015</subfield>
         <subfield code="e">6/1/2015</subfield>
         <subfield code="l">ON_SHELF</subfield>
         <subfield code="m">UAAUG</subfield>
         <subfield code="n">3</subfield>
         <subfield code="p">$150.00</subfield>
         <subfield code="r">Y</subfield>
         <subfield code="s">Y</subfield>
         <subfield code="t">BOOK</subfield>
         <subfield code="u">3/4/2015</subfield>
      </datafield>
      <datafield ind1=" " ind2=" " tag="926">
         <subfield code="a">ML 421 G72 R53 2015</subfield>
         <subfield code="w">LC</subfield>
         <subfield code="c">1</subfield>
         <subfield code="i">0162035259272</subfield>
         <subfield code="l">MUSIC</subfield>
         <subfield code="m">UAHSS</subfield>
         <subfield code="p">$150.00</subfield>
         <subfield code="r">Y</subfield>
         <subfield code="s">Y</subfield>
         <subfield code="t">BOOK</subfield>
         <subfield code="u">3/25/2015</subfield>
      </datafield>
   </record>
</collection>
